@book{Bruhn2016,
  author        = {Manfred Bruhn},
  publisher     = {C. H. Beck},
  title         = {Kundenorientierung - Bausteine für ein exzellentes Customer Re
                    lationship Management (CRM)},
  year          = {2016},

}
@book{Staudacher2021,
  author        = {Jörg Staudacher},
  publisher     = {Springer Gabler},
  title         = {Kundenorientierung - Grundlagen, Modelle und Best Practices 
                    für eine erfolgreiche Transformation},
  year          = {2021},
}
@book{Olbrich2022,
  author        = {Rainer Olbrich},
  publisher     = {Springer Gabler},
  title         = {Marketing - Eine Einführung in die markorientierte
                    Unternehmensführung (3.Auflage)},
  year          = {2022},
}
@book{Bruhn2019,
  author        = {Manfred Bruhn},
  publisher     = {Springer Gabler},
  title         = {Marketing - Grundlagen für Studium und Praxis (14. Auflage)},
  year          = {2021},
}
@book{Homburg2020,
  author        = {Christian Homburg},
  publisher     = {Springer Gabler},
  title         = {Marketingmanagement - Strategie - Instumente - Umsetzung 
                    - Unternehmensführung (7. Auflage)},
  year          = {2020},
}
@book{Menthe2018,
  author         = {Thomas Menthe, Manfred Sieg},
  publisher      = {Springer Gabler},
  title          = {Kundennutzen - Schlüssel zum Verkaufserfolg - Wie Sie
                    Mehrwert bieten, Preise leichter durchsetzen und 
                    Profitabilität sichern},
  year           = {2018}
}
@book{Lippold2019,
  author         = {Dirk Lippold},
  publisher      = {Springer Gabler},
  title          = {Neue Perspektiven für das B2B-Marketing - Geschäftsbeziehungen
                    zwischen Unternehmen effizient gestalten},
  year           = {2019}
}
